%YAML 1.1
%TAG !u! tag:unity3d.com,2011:
--- !u!1 &133584622097830865
GameObject:
  m_ObjectHideFlags: 0
  m_CorrespondingSourceObject: {fileID: 0}
  m_PrefabInstance: {fileID: 0}
  m_PrefabAsset: {fileID: 0}
  serializedVersion: 6
  m_Component:
  - component: {fileID: 4630219356337678778}
  - component: {fileID: 3143167782424137416}
  - component: {fileID: 3055476557231964082}
  - component: {fileID: 2353362967515625589}
  - component: {fileID: 7600561393303259491}
  m_Layer: 0
  m_Name: Cube (1)
  m_TagString: Untagged
  m_Icon: {fileID: 0}
  m_NavMeshLayer: 0
  m_StaticEditorFlags: 0
  m_IsActive: 1
--- !u!4 &4630219356337678778
Transform:
  m_ObjectHideFlags: 0
  m_CorrespondingSourceObject: {fileID: 0}
  m_PrefabInstance: {fileID: 0}
  m_PrefabAsset: {fileID: 0}
  m_GameObject: {fileID: 133584622097830865}
  m_LocalRotation: {x: -0, y: -0, z: -0, w: 1}
  m_LocalPosition: {x: -21.020287, y: 6.37, z: 0}
  m_LocalScale: {x: 17.96, y: 1, z: 1}
  m_Children: []
  m_Father: {fileID: 5395419822126065653}
  m_RootOrder: 1
  m_LocalEulerAnglesHint: {x: 0, y: 0, z: 0}
--- !u!33 &3143167782424137416
MeshFilter:
  m_ObjectHideFlags: 0
  m_CorrespondingSourceObject: {fileID: 0}
  m_PrefabInstance: {fileID: 0}
  m_PrefabAsset: {fileID: 0}
  m_GameObject: {fileID: 133584622097830865}
  m_Mesh: {fileID: 10202, guid: 0000000000000000e000000000000000, type: 0}
--- !u!23 &3055476557231964082
MeshRenderer:
  m_ObjectHideFlags: 0
  m_CorrespondingSourceObject: {fileID: 0}
  m_PrefabInstance: {fileID: 0}
  m_PrefabAsset: {fileID: 0}
  m_GameObject: {fileID: 133584622097830865}
  m_Enabled: 1
  m_CastShadows: 1
  m_ReceiveShadows: 1
  m_DynamicOccludee: 1
  m_MotionVectors: 1
  m_LightProbeUsage: 1
  m_ReflectionProbeUsage: 1
  m_RenderingLayerMask: 4294967295
  m_RendererPriority: 0
  m_Materials:
  - {fileID: 2100000, guid: c6fc92e6d2b25054bbe2e3318340334c, type: 2}
  m_StaticBatchInfo:
    firstSubMesh: 0
    subMeshCount: 0
  m_StaticBatchRoot: {fileID: 0}
  m_ProbeAnchor: {fileID: 0}
  m_LightProbeVolumeOverride: {fileID: 0}
  m_ScaleInLightmap: 1
  m_ReceiveGI: 1
  m_PreserveUVs: 0
  m_IgnoreNormalsForChartDetection: 0
  m_ImportantGI: 0
  m_StitchLightmapSeams: 0
  m_SelectedEditorRenderState: 3
  m_MinimumChartSize: 4
  m_AutoUVMaxDistance: 0.5
  m_AutoUVMaxAngle: 89
  m_LightmapParameters: {fileID: 0}
  m_SortingLayerID: 0
  m_SortingLayer: 0
  m_SortingOrder: 0
--- !u!65 &2353362967515625589
BoxCollider:
  m_ObjectHideFlags: 0
  m_CorrespondingSourceObject: {fileID: 0}
  m_PrefabInstance: {fileID: 0}
  m_PrefabAsset: {fileID: 0}
  m_GameObject: {fileID: 133584622097830865}
  m_Material: {fileID: 0}
  m_IsTrigger: 0
  m_Enabled: 1
  serializedVersion: 2
  m_Size: {x: 1, y: 1, z: 1}
  m_Center: {x: 0, y: 0, z: 0}
--- !u!114 &7600561393303259491
MonoBehaviour:
  m_ObjectHideFlags: 0
  m_CorrespondingSourceObject: {fileID: 0}
  m_PrefabInstance: {fileID: 0}
  m_PrefabAsset: {fileID: 0}
  m_GameObject: {fileID: 133584622097830865}
  m_Enabled: 1
  m_EditorHideFlags: 0
  m_Script: {fileID: 11500000, guid: 05c8d051630120442af3bc10184822d5, type: 3}
  m_Name: 
  m_EditorClassIdentifier: 
  color1: {r: 0.7893899, g: 0.0980392, b: 0.83137256, a: 0}
  color2: {r: 0.81960785, g: 0.7937037, b: 0.09019606, a: 0}
--- !u!1 &3689663101709424457
GameObject:
  m_ObjectHideFlags: 0
  m_CorrespondingSourceObject: {fileID: 0}
  m_PrefabInstance: {fileID: 0}
  m_PrefabAsset: {fileID: 0}
  serializedVersion: 6
  m_Component:
  - component: {fileID: 7778864200227862346}
  - component: {fileID: 3726761762521431282}
  - component: {fileID: 2501864099744888030}
  - component: {fileID: 6783388576814839394}
  m_Layer: 0
  m_Name: Finish
  m_TagString: Finish
  m_Icon: {fileID: 0}
  m_NavMeshLayer: 0
  m_StaticEditorFlags: 0
  m_IsActive: 1
--- !u!4 &7778864200227862346
Transform:
  m_ObjectHideFlags: 0
  m_CorrespondingSourceObject: {fileID: 0}
  m_PrefabInstance: {fileID: 0}
  m_PrefabAsset: {fileID: 0}
  m_GameObject: {fileID: 3689663101709424457}
  m_LocalRotation: {x: -0, y: -0, z: -0, w: 1}
  m_LocalPosition: {x: -12.64, y: 2.42, z: 0}
  m_LocalScale: {x: 13.11, y: 6.7, z: 1}
  m_Children: []
  m_Father: {fileID: 5395419822126065653}
  m_RootOrder: 2
  m_LocalEulerAnglesHint: {x: 0, y: 0, z: 0}
--- !u!33 &3726761762521431282
MeshFilter:
  m_ObjectHideFlags: 0
  m_CorrespondingSourceObject: {fileID: 0}
  m_PrefabInstance: {fileID: 0}
  m_PrefabAsset: {fileID: 0}
  m_GameObject: {fileID: 3689663101709424457}
  m_Mesh: {fileID: 10202, guid: 0000000000000000e000000000000000, type: 0}
--- !u!23 &2501864099744888030
MeshRenderer:
  m_ObjectHideFlags: 0
  m_CorrespondingSourceObject: {fileID: 0}
  m_PrefabInstance: {fileID: 0}
  m_PrefabAsset: {fileID: 0}
  m_GameObject: {fileID: 3689663101709424457}
  m_Enabled: 1
  m_CastShadows: 1
  m_ReceiveShadows: 1
  m_DynamicOccludee: 1
  m_MotionVectors: 1
  m_LightProbeUsage: 1
  m_ReflectionProbeUsage: 1
  m_RenderingLayerMask: 4294967295
  m_RendererPriority: 0
  m_Materials:
  - {fileID: 2100000, guid: d32c6265875bb7944b6a530463eef3fd, type: 2}
  m_StaticBatchInfo:
    firstSubMesh: 0
    subMeshCount: 0
  m_StaticBatchRoot: {fileID: 0}
  m_ProbeAnchor: {fileID: 0}
  m_LightProbeVolumeOverride: {fileID: 0}
  m_ScaleInLightmap: 1
  m_ReceiveGI: 1
  m_PreserveUVs: 0
  m_IgnoreNormalsForChartDetection: 0
  m_ImportantGI: 0
  m_StitchLightmapSeams: 0
  m_SelectedEditorRenderState: 3
  m_MinimumChartSize: 4
  m_AutoUVMaxDistance: 0.5
  m_AutoUVMaxAngle: 89
  m_LightmapParameters: {fileID: 0}
  m_SortingLayerID: 0
  m_SortingLayer: 0
  m_SortingOrder: 0
--- !u!65 &6783388576814839394
BoxCollider:
  m_ObjectHideFlags: 0
  m_CorrespondingSourceObject: {fileID: 0}
  m_PrefabInstance: {fileID: 0}
  m_PrefabAsset: {fileID: 0}
  m_GameObject: {fileID: 3689663101709424457}
  m_Material: {fileID: 0}
  m_IsTrigger: 1
  m_Enabled: 1
  serializedVersion: 2
  m_Size: {x: 1, y: 1, z: 1}
  m_Center: {x: 0, y: 0, z: 0}
--- !u!1 &4091422078819643444
GameObject:
  m_ObjectHideFlags: 0
  m_CorrespondingSourceObject: {fileID: 0}
  m_PrefabInstance: {fileID: 0}
  m_PrefabAsset: {fileID: 0}
  serializedVersion: 6
  m_Component:
  - component: {fileID: 5395419822126065653}
  m_Layer: 0
  m_Name: EndTerrain
  m_TagString: Untagged
  m_Icon: {fileID: 0}
  m_NavMeshLayer: 0
  m_StaticEditorFlags: 0
  m_IsActive: 1
--- !u!4 &5395419822126065653
Transform:
  m_ObjectHideFlags: 0
  m_CorrespondingSourceObject: {fileID: 0}
  m_PrefabInstance: {fileID: 0}
  m_PrefabAsset: {fileID: 0}
  m_GameObject: {fileID: 4091422078819643444}
  m_LocalRotation: {x: 0, y: 0, z: 0, w: 1}
  m_LocalPosition: {x: 21.020287, y: 0, z: 0}
  m_LocalScale: {x: 1, y: 1, z: 1}
  m_Children:
  - {fileID: 5256081487562985447}
  - {fileID: 4630219356337678778}
  - {fileID: 7778864200227862346}
  - {fileID: 322405073110315842}
  - {fileID: 868464376645709690}
  - {fileID: 4467824537930269064}
  m_Father: {fileID: 0}
  m_RootOrder: 0
  m_LocalEulerAnglesHint: {x: 0, y: 0, z: 0}
--- !u!1 &8222180637232414301
GameObject:
  m_ObjectHideFlags: 0
  m_CorrespondingSourceObject: {fileID: 0}
  m_PrefabInstance: {fileID: 0}
  m_PrefabAsset: {fileID: 0}
  serializedVersion: 6
  m_Component:
  - component: {fileID: 5256081487562985447}
  - component: {fileID: 8281697048527441984}
  - component: {fileID: 1729516525481841421}
  - component: {fileID: 6273677575669804342}
  - component: {fileID: 2191756709146238182}
  m_Layer: 0
  m_Name: Cube
  m_TagString: Untagged
  m_Icon: {fileID: 0}
  m_NavMeshLayer: 0
  m_StaticEditorFlags: 0
  m_IsActive: 1
--- !u!4 &5256081487562985447
Transform:
  m_ObjectHideFlags: 0
  m_CorrespondingSourceObject: {fileID: 0}
  m_PrefabInstance: {fileID: 0}
  m_PrefabAsset: {fileID: 0}
  m_GameObject: {fileID: 8222180637232414301}
  m_LocalRotation: {x: -0, y: -0, z: -0, w: 1}
  m_LocalPosition: {x: -21.020287, y: -1.5236619, z: 0}
  m_LocalScale: {x: 17.96, y: 1, z: 1}
  m_Children: []
  m_Father: {fileID: 5395419822126065653}
  m_RootOrder: 0
  m_LocalEulerAnglesHint: {x: 0, y: 0, z: 0}
--- !u!33 &8281697048527441984
MeshFilter:
  m_ObjectHideFlags: 0
  m_CorrespondingSourceObject: {fileID: 0}
  m_PrefabInstance: {fileID: 0}
  m_PrefabAsset: {fileID: 0}
  m_GameObject: {fileID: 8222180637232414301}
  m_Mesh: {fileID: 10202, guid: 0000000000000000e000000000000000, type: 0}
--- !u!23 &1729516525481841421
MeshRenderer:
  m_ObjectHideFlags: 0
  m_CorrespondingSourceObject: {fileID: 0}
  m_PrefabInstance: {fileID: 0}
  m_PrefabAsset: {fileID: 0}
  m_GameObject: {fileID: 8222180637232414301}
  m_Enabled: 1
  m_CastShadows: 1
  m_ReceiveShadows: 1
  m_DynamicOccludee: 1
  m_MotionVectors: 1
  m_LightProbeUsage: 1
  m_ReflectionProbeUsage: 1
  m_RenderingLayerMask: 4294967295
  m_RendererPriority: 0
  m_Materials:
  - {fileID: 2100000, guid: c6fc92e6d2b25054bbe2e3318340334c, type: 2}
  m_StaticBatchInfo:
    firstSubMesh: 0
    subMeshCount: 0
  m_StaticBatchRoot: {fileID: 0}
  m_ProbeAnchor: {fileID: 0}
  m_LightProbeVolumeOverride: {fileID: 0}
  m_ScaleInLightmap: 1
  m_ReceiveGI: 1
  m_PreserveUVs: 0
  m_IgnoreNormalsForChartDetection: 0
  m_ImportantGI: 0
  m_StitchLightmapSeams: 0
  m_SelectedEditorRenderState: 3
  m_MinimumChartSize: 4
  m_AutoUVMaxDistance: 0.5
  m_AutoUVMaxAngle: 89
  m_LightmapParameters: {fileID: 0}
  m_SortingLayerID: 0
  m_SortingLayer: 0
  m_SortingOrder: 0
--- !u!65 &6273677575669804342
BoxCollider:
  m_ObjectHideFlags: 0
  m_CorrespondingSourceObject: {fileID: 0}
  m_PrefabInstance: {fileID: 0}
  m_PrefabAsset: {fileID: 0}
  m_GameObject: {fileID: 8222180637232414301}
  m_Material: {fileID: 0}
  m_IsTrigger: 0
  m_Enabled: 1
  serializedVersion: 2
  m_Size: {x: 1, y: 1, z: 1}
  m_Center: {x: 0, y: 0, z: 0}
--- !u!114 &2191756709146238182
MonoBehaviour:
  m_ObjectHideFlags: 0
  m_CorrespondingSourceObject: {fileID: 0}
  m_PrefabInstance: {fileID: 0}
  m_PrefabAsset: {fileID: 0}
  m_GameObject: {fileID: 8222180637232414301}
  m_Enabled: 1
  m_EditorHideFlags: 0
  m_Script: {fileID: 11500000, guid: 05c8d051630120442af3bc10184822d5, type: 3}
  m_Name: 
  m_EditorClassIdentifier: 
  color1: {r: 0.7893899, g: 0.0980392, b: 0.83137256, a: 0}
  color2: {r: 0.81960785, g: 0.7937037, b: 0.09019606, a: 0}
--- !u!1001 &145680978136653024
PrefabInstance:
  m_ObjectHideFlags: 0
  serializedVersion: 2
  m_Modification:
    m_TransformParent: {fileID: 5395419822126065653}
    m_Modifications:
    - target: {fileID: 467522958485352354, guid: 465ddde55d5f53f49b8d1361d12bcefa,
        type: 3}
      propertyPath: m_LocalScale.y
      value: 50.000023
      objectReference: {fileID: 0}
    - target: {fileID: 467522958485352354, guid: 465ddde55d5f53f49b8d1361d12bcefa,
        type: 3}
      propertyPath: m_LocalPosition.x
      value: -28.18
      objectReference: {fileID: 0}
    - target: {fileID: 467522958485352354, guid: 465ddde55d5f53f49b8d1361d12bcefa,
        type: 3}
      propertyPath: m_LocalPosition.y
      value: -0.48
      objectReference: {fileID: 0}
    - target: {fileID: 467522958485352354, guid: 465ddde55d5f53f49b8d1361d12bcefa,
        type: 3}
      propertyPath: m_LocalPosition.z
      value: 0
      objectReference: {fileID: 0}
    - target: {fileID: 467522958485352354, guid: 465ddde55d5f53f49b8d1361d12bcefa,
        type: 3}
      propertyPath: m_LocalScale.z
      value: 50.000034
      objectReference: {fileID: 0}
    - target: {fileID: 467522958485352354, guid: 465ddde55d5f53f49b8d1361d12bcefa,
        type: 3}
      propertyPath: m_RootOrder
      value: 3
      objectReference: {fileID: 0}
    m_RemovedComponents: []
  m_SourcePrefab: {fileID: 100100000, guid: 465ddde55d5f53f49b8d1361d12bcefa, type: 3}
--- !u!4 &322405073110315842 stripped
Transform:
  m_CorrespondingSourceObject: {fileID: 467522958485352354, guid: 465ddde55d5f53f49b8d1361d12bcefa,
    type: 3}
  m_PrefabInstance: {fileID: 145680978136653024}
  m_PrefabAsset: {fileID: 0}
--- !u!1001 &752556441194692824
PrefabInstance:
  m_ObjectHideFlags: 0
  serializedVersion: 2
  m_Modification:
    m_TransformParent: {fileID: 5395419822126065653}
    m_Modifications:
    - target: {fileID: 3469918508308831665, guid: 465ddde55d5f53f49b8d1361d12bcefa,
        type: 3}
      propertyPath: m_Name
      value: gem (2)
      objectReference: {fileID: 0}
    - target: {fileID: 467522958485352354, guid: 465ddde55d5f53f49b8d1361d12bcefa,
        type: 3}
      propertyPath: m_LocalScale.z
      value: 50
      objectReference: {fileID: 0}
    - target: {fileID: 467522958485352354, guid: 465ddde55d5f53f49b8d1361d12bcefa,
        type: 3}
      propertyPath: m_LocalRotation.x
      value: 0.6249205
      objectReference: {fileID: 0}
    - target: {fileID: 467522958485352354, guid: 465ddde55d5f53f49b8d1361d12bcefa,
        type: 3}
      propertyPath: m_LocalRotation.y
      value: 0.1542511
      objectReference: {fileID: 0}
    - target: {fileID: 467522958485352354, guid: 465ddde55d5f53f49b8d1361d12bcefa,
        type: 3}
      propertyPath: m_LocalRotation.z
      value: -0.15516362
      objectReference: {fileID: 0}
    - target: {fileID: 467522958485352354, guid: 465ddde55d5f53f49b8d1361d12bcefa,
        type: 3}
      propertyPath: m_LocalRotation.w
      value: 0.7494033
      objectReference: {fileID: 0}
    - target: {fileID: 467522958485352354, guid: 465ddde55d5f53f49b8d1361d12bcefa,
        type: 3}
      propertyPath: m_LocalPosition.x
      value: -23.95
      objectReference: {fileID: 0}
    - target: {fileID: 467522958485352354, guid: 465ddde55d5f53f49b8d1361d12bcefa,
        type: 3}
      propertyPath: m_LocalPosition.y
      value: 5.38
      objectReference: {fileID: 0}
    - target: {fileID: 467522958485352354, guid: 465ddde55d5f53f49b8d1361d12bcefa,
        type: 3}
      propertyPath: m_LocalPosition.z
      value: 0
      objectReference: {fileID: 0}
    - target: {fileID: 467522958485352354, guid: 465ddde55d5f53f49b8d1361d12bcefa,
        type: 3}
      propertyPath: m_LocalScale.y
      value: 50.000015
      objectReference: {fileID: 0}
    - target: {fileID: 467522958485352354, guid: 465ddde55d5f53f49b8d1361d12bcefa,
        type: 3}
      propertyPath: m_RootOrder
      value: 4
      objectReference: {fileID: 0}
    - target: {fileID: 467522958485352354, guid: 465ddde55d5f53f49b8d1361d12bcefa,
        type: 3}
      propertyPath: m_LocalEulerAnglesHint.x
      value: 79.9
      objectReference: {fileID: 0}
    - target: {fileID: 467522958485352354, guid: 465ddde55d5f53f49b8d1361d12bcefa,
        type: 3}
      propertyPath: m_LocalEulerAnglesHint.y
      value: 12.268001
      objectReference: {fileID: 0}
    - target: {fileID: 467522958485352354, guid: 465ddde55d5f53f49b8d1361d12bcefa,
        type: 3}
      propertyPath: m_LocalEulerAnglesHint.z
      value: -13.108001
      objectReference: {fileID: 0}
    m_RemovedComponents: []
  m_SourcePrefab: {fileID: 100100000, guid: 465ddde55d5f53f49b8d1361d12bcefa, type: 3}
--- !u!4 &868464376645709690 stripped
Transform:
  m_CorrespondingSourceObject: {fileID: 467522958485352354, guid: 465ddde55d5f53f49b8d1361d12bcefa,
    type: 3}
  m_PrefabInstance: {fileID: 752556441194692824}
  m_PrefabAsset: {fileID: 0}
--- !u!1001 &4070162358671011370
PrefabInstance:
  m_ObjectHideFlags: 0
  serializedVersion: 2
  m_Modification:
    m_TransformParent: {fileID: 5395419822126065653}
    m_Modifications:
    - target: {fileID: 3469918508308831665, guid: 465ddde55d5f53f49b8d1361d12bcefa,
        type: 3}
      propertyPath: m_Name
      value: gem (1)
      objectReference: {fileID: 0}
    - target: {fileID: 467522958485352354, guid: 465ddde55d5f53f49b8d1361d12bcefa,
        type: 3}
      propertyPath: m_LocalScale.y
      value: 50.000053
      objectReference: {fileID: 0}
    - target: {fileID: 467522958485352354, guid: 465ddde55d5f53f49b8d1361d12bcefa,
        type: 3}
      propertyPath: m_LocalPosition.x
      value: -20.68
      objectReference: {fileID: 0}
    - target: {fileID: 467522958485352354, guid: 465ddde55d5f53f49b8d1361d12bcefa,
        type: 3}
      propertyPath: m_LocalPosition.y
      value: -0.48
      objectReference: {fileID: 0}
    - target: {fileID: 467522958485352354, guid: 465ddde55d5f53f49b8d1361d12bcefa,
        type: 3}
      propertyPath: m_LocalPosition.z
      value: 0
      objectReference: {fileID: 0}
    - target: {fileID: 467522958485352354, guid: 465ddde55d5f53f49b8d1361d12bcefa,
        type: 3}
      propertyPath: m_LocalScale.z
      value: 50.00007
      objectReference: {fileID: 0}
    - target: {fileID: 467522958485352354, guid: 465ddde55d5f53f49b8d1361d12bcefa,
        type: 3}
      propertyPath: m_RootOrder
      value: 5
      objectReference: {fileID: 0}
    - target: {fileID: 467522958485352354, guid: 465ddde55d5f53f49b8d1361d12bcefa,
        type: 3}
      propertyPath: m_LocalScale.x
      value: 50.000015
      objectReference: {fileID: 0}
    m_RemovedComponents: []
  m_SourcePrefab: {fileID: 100100000, guid: 465ddde55d5f53f49b8d1361d12bcefa, type: 3}
--- !u!4 &4467824537930269064 stripped
Transform:
  m_CorrespondingSourceObject: {fileID: 467522958485352354, guid: 465ddde55d5f53f49b8d1361d12bcefa,
    type: 3}
  m_PrefabInstance: {fileID: 4070162358671011370}
  m_PrefabAsset: {fileID: 0}
